<?xml version="1.0" encoding="UTF-8"?><collection xmlns="http://www.loc.gov/MARC21/slim"><record><leader>00592nam--2200181-i-4500</leader><controlfield tag="001">000035962</controlfield><controlfield tag="002">20161230</controlfield><controlfield tag="005">20161230201040</controlfield><controlfield tag="008">060222s1000------------r-----000-0-rus-d</controlfield><datafield ind1=" " ind2=" " tag="041"><subfield code="a">IFIN-HH</subfield></datafield><datafield ind1=" " ind2=" " tag="080"><subfield code="a">539.12.08(061.3)</subfield></datafield><datafield ind1="1" ind2=" " tag="100"><subfield code="a">Ebert, H.G</subfield></datafield><datafield ind1="1" ind2="0" tag="245"><subfield code="a">Mikrodozimetria</subfield><subfield code="b">Trudisimpoziuma po mikrodozimetria ispra (italy) 13-15 noiabria 1967 g</subfield><subfield code="c">H.g. ebert (ed.)</subfield></datafield><datafield ind1=" " ind2=" " tag="260"><subfield code="a">Moskva</subfield><subfield code="b">Atomizdat</subfield><subfield code="c">1971</subfield></datafield><datafield ind1=" " ind2=" " tag="300"><subfield code="a">269P</subfield></datafield><datafield ind1=" " ind2=" " tag="500"><subfield code="a">Proceedings Of The Symposium On Microdosimetry Ispra (Italy) November 13-15 1967</subfield></datafield><datafield ind1=" " ind2=" " tag="852"><subfield code="a">35962</subfield><subfield code="c">539.1.07:539.1.08</subfield></datafield><datafield ind1=" " ind2=" " tag="CAT"><subfield code="a">Sys</subfield><subfield code="c">20111025</subfield><subfield code="h">090148</subfield></datafield></record></collection>